@TechReport{Alonso-15a,
  author =       {J.A. Alonso},
  title =        {\href{https://www.cs.us.es/~jalonso/cursos/i1m/temas/2015-16-IM-temas-PF.pdf}
                       {Temas de programación funcional}},
  institution =  {Univ. de Sevilla},
  year =         2015}

@TechReport{Cardenas-15a,
  author =       {M. Cardenas},
  title =        {\href{https://dl.dropboxusercontent.com/u/15420416/tiddly/emptyMD1314.html}
                       {Matemática discreta}},
  institution =  {Univ. de Sevilla},
  year =         2015}
  
@book{Rabhi+Lapalme-99,
  author =       {Rabhi, F. and Lapalme, G.},
  title =        {Algorithms: A functional programming approach},
  year =         {1999},
  isbn =         {0201596040},
  edition =      {1st},
  publisher =    {Addison-Wesley Longman Publishing Co., Inc.},
  address =      {Boston, MA, USA}} 

@TechReport{Wikipedia-grafos,
  author =       {Wikipedia},
  title =        {\href{https://es.wikipedia.org/wiki/Anexo:Galería_de_grafos}
                       {Anexo:Galería de grafos}},
  institution =  {Wikipedia, La Enciclopedia libre.},
  year =         2016}

@Book{Bang-Jensen+Gutin-09,
   title = "Digraphs : theory, algorithms, and applications",
   author = "Bang-Jensen, Jørgen and Gutin, Gregory",
   series = "Springer monographs in mathematics",
   publisher = "Springer",
   address = "London, New York",
   year = 2009
}
